<?xml version="1.0" encoding="UTF-8"?><collection xmlns="http://www.loc.gov/MARC21/slim"><record><leader>00333nam--2200109-i-4500</leader><controlfield tag="001">000022428</controlfield><controlfield tag="002">20161230</controlfield><controlfield tag="005">20161230201034</controlfield><controlfield tag="008">060222s1000------------r-----000-0-eng-d</controlfield><datafield ind1=" " ind2=" " tag="245"><subfield code="a">Heavy water moderated power reactors. progress report: january-february 1964</subfield></datafield><datafield ind1=" " ind2=" " tag="260"><subfield code="a">Wilmington, E.I.Du Pont De Nemours &amp; Co., 1964, 31 P</subfield></datafield><datafield ind1=" " ind2=" " tag="852"><subfield code="a">21082</subfield></datafield></record></collection>